@PhdThesis{Ransom01,
	author = {Scott Ransom},
	title = {New Search Techniques for Binary Pulsars},
	school = {Harvard University},
	year = {2001},
}


@manual{LorimerSigproc,
	author = {Dunc Lorimer},
	title = {(Pulsar) Signal Processing Programs},
	date = {25 March 2006},
	language = {English},
	version = {3.7},
	organization = {Jodrell Bank Observatory},
	location = {Lower Withington, United Kingdom},
	pages = {4 - 5},
	pagetotal = {30},
	url = {http://sigproc.sourceforge.net/sigproc.pdf},
}
